<record><leader>00000cas a22000007a 4500</leader><controlfield tag="001">39286722</controlfield><controlfield tag="008">980615d19301954tnuwr ne      0    0eng d</controlfield><datafield ind1=" " ind2=" " tag="010"><subfield code="a">sn 98069837 </subfield></datafield><datafield ind1=" " ind2=" " tag="040"><subfield code="a">TGN</subfield><subfield code="b">eng</subfield><subfield code="c">TGN</subfield><subfield code="d">OCLCQ</subfield><subfield code="d">OCLCF</subfield><subfield code="d">OCLCO</subfield></datafield><datafield ind1="1" ind2=" " tag="029"><subfield code="a">AU@</subfield><subfield code="b">000014018259</subfield></datafield><datafield ind1=" " ind2=" " tag="042"><subfield code="a">msc</subfield></datafield><datafield ind1=" " ind2=" " tag="043"><subfield code="a">n-us-tn</subfield></datafield><datafield ind1="0" ind2=" " tag="130"><subfield code="a">Democrat-sentinel (Waverly, Tenn.)</subfield></datafield><datafield ind1="1" ind2="4" tag="245"><subfield code="a">The democrat-sentinel.</subfield></datafield><datafield ind1="1" ind2=" " tag="246"><subfield code="i">Colophon title:</subfield><subfield code="a">Humphreys County democrat and Waverly sentinel</subfield><subfield code="f">Dec. 11, 1930-May 21, 1931</subfield></datafield><datafield ind1=" " ind2=" " tag="260"><subfield code="a">Waverly, Tenn. :</subfield><subfield code="b">Henry W. Fleer,</subfield><subfield code="c">1930-</subfield></datafield><datafield ind1=" " ind2=" " tag="300"><subfield code="a">v.</subfield></datafield><datafield ind1=" " ind2=" " tag="310"><subfield code="a">Weekly</subfield></datafield><datafield ind1="0" ind2=" " tag="362"><subfield code="a">Vol. 21, no. 22 (Dec. 11, 1930)-</subfield></datafield><datafield ind1="1" ind2=" " tag="362"><subfield code="a">Ceased in Aug. 1954.</subfield></datafield><datafield ind1=" " ind2=" " tag="580"><subfield code="a">Merged with: Waverly-Johnsonville news, to form: News-democrat (Waverly, Tenn.).</subfield></datafield><datafield ind1=" " ind2="0" tag="651"><subfield code="a">Waverly (Tenn.)</subfield><subfield code="v">Newspapers.</subfield></datafield><datafield ind1=" " ind2="0" tag="651"><subfield code="a">Humphreys County (Tenn.)</subfield><subfield code="v">Newspapers.</subfield></datafield><datafield ind1=" " ind2="7" tag="655"><subfield code="a">Newspapers.</subfield><subfield code="2">fast</subfield><subfield code="0">(OCoLC)fst01423814</subfield></datafield><datafield ind1=" " ind2="7" tag="651"><subfield code="a">Tennessee</subfield><subfield code="z">Humphreys County.</subfield><subfield code="2">fast</subfield><subfield code="0">(OCoLC)fst01208896</subfield></datafield><datafield ind1=" " ind2="7" tag="651"><subfield code="a">Tennessee</subfield><subfield code="z">Waverly.</subfield><subfield code="2">fast</subfield><subfield code="0">(OCoLC)fst01224276</subfield></datafield><datafield ind1=" " ind2=" " tag="752"><subfield code="a">United States</subfield><subfield code="b">Tennessee</subfield><subfield code="c">Humphreys</subfield><subfield code="d">Waverly.</subfield></datafield><datafield ind1="0" ind2="0" tag="780"><subfield code="t">Humphreys County democrat and Waverly sentinel</subfield><subfield code="w">(DLC)sn 98069834</subfield></datafield><datafield ind1="1" ind2="7" tag="785"><subfield code="t">Waverly-Johnsonville news</subfield></datafield><datafield ind1="1" ind2="7" tag="785"><subfield code="t">News-democrat (Waverly, Tenn.)</subfield><subfield code="w">(DLC)sn 89058324</subfield></datafield></record>